
@article{Shannon,
 author = {Shannon, C. E.},
 title = {A Mathematical Theory of Communication},
 journal = {SIGMOBILE Mob. Comput. Commun. Rev.},
 issue_date = {January 2001},
 volume = {5},
 number = {1},
 month = jan,
 year = {2001},
 issn = {1559-1662},
 pages = {3--55},
 numpages = {53},
 url = {http://doi.acm.org/10.1145/584091.584093},
 doi = {10.1145/584091.584093},
 acmid = {584093},
 publisher = {ACM},
 address = {New York, NY, USA},
}

@INPROCEEDINGS{sto, 
author={D. Chang}, 
booktitle={2006 IEEE International Conference on Electro/Information Technology}, 
title={Analysis and Compensation of Channel Correction in Pilot-Aided OFDM Systems With Symbol Timing Offset}, 
year={2006}, 
volume={}, 
number={}, 
pages={324-329}, 
keywords={adjacent channel interference;channel estimation;equalisers;intersymbol interference;OFDM modulation;radio receivers;channel correction;pilot-aided OFDM systems;symbol timing offset;phase shift;OFDM receiver;channel estimation;channel equalization;FFT window;intersymbol interference;subcarrier channels;channel interpolation;compensation factor;OFDM;Timing;Intersymbol interference;Digital video broadcasting;Interpolation;Delay estimation;Maximum likelihood estimation;Channel estimation;Digital audio broadcasting;Sampling methods}, 
doi={10.1109/EIT.2006.252178}, 
ISSN={2154-0357}, 
month={May},}

@INPROCEEDINGS{indust, 
author={R. Barry and W. Kinsner}, 
booktitle={IEEE CCECE2002. Canadian Conference on Electrical and Computer Engineering. Conference Proceedings (Cat. No.02CH37373)}, 
title={Multifractal characterization for classification of telecommunications traffic}, 
year={2002}, 
volume={3}, 
number={}, 
pages={1538-1544 vol.3}, 
keywords={telecommunication traffic;fractals;data compression;probability;neural nets;telecommunication computing;multifractal characterization;telecommunication traffic classification;multifractal measures;compression ratio;traffic signature;variance fractal dimension trajectory;multifractal signature;Renyi dimension spectrum;probabilistic neural network;classification accuracy;Fractals;Telecommunication traffic;Communication system traffic control;Traffic control;Neural networks;Microwave integrated circuits;Telecommunication network reliability;Telecommunication control;Local area networks;Wide area networks}, 
doi={10.1109/CCECE.2002.1012982}, 
ISSN={0840-7789}, 
month={May},}

@article{8054694,
author={T. O'Shea and J. Hoydis},
journal={IEEE Transactions on Cognitive Communications and Networking},
title={An Introduction to Deep Learning for the Physical Layer},
year={2017},
volume={3},
number={4},
pages={563-575},
keywords={Artificial neural networks;Communication systems;Machine learning;Modulation;Physical layer;Radio transmitters;Receivers;Machine learning;cognitive radio;deep learning;digital communications;modulation;physical layer;radio communication},
doi={10.1109/TCCN.2017.2758370},
ISSN={},
month={Dec},
}





@ARTICLE{mods, 
author={T. Mao and Q. Wang and Z. Wang and S. Chen}, 
journal={IEEE Communications Surveys Tutorials}, 
title={Novel Index Modulation Techniques: A Survey}, 
year={2018}, 
volume={}, 
number={}, 
pages={1-1}, 
keywords={Frequency-domain analysis;Indexes;MIMO communication;OFDM;Phase modulation;Transmitting antennas;Index modulation;constellation design;low-complexity receiver design.;maximum-likelihood detection;media-based modulation;orthogonal frequency division multiplexing;spatial modulation}, 
doi={10.1109/COMST.2018.2858567}, 
ISSN={}, 
month={},}

@ARTICLE{modclass, 
author={O. A. Dobre and A. Abdi and Y. Bar-Ness and W. Su}, 
journal={IET Communications}, 
title={Survey of automatic modulation classification techniques: classical approaches and new trends}, 
year={2007}, 
volume={1}, 
number={2}, 
pages={137-156}, 
keywords={demodulation;modulation;signal classification;automatic recognition;demodulation;intelligent receiver;likelihood function;modulation classification techniques;signal detection}, 
doi={10.1049/iet-com:20050176}, 
ISSN={1751-8628}, 
month={April},}

@article{distdefense,
  author    = {Nicolas Papernot and
               Patrick D. McDaniel and
               Xi Wu and
               Somesh Jha and
               Ananthram Swami},
  title     = {Distillation as a Defense to Adversarial Perturbations against Deep
               Neural Networks},
  journal   = {CoRR},
  volume    = {abs/1511.04508},
  year      = {2015},
  url       = {http://arxiv.org/abs/1511.04508},
  archivePrefix = {arXiv},
  eprint    = {1511.04508},
  timestamp = {Wed, 07 Jun 2017 14:43:10 +0200},
  biburl    = {https://dblp.org/rec/bib/journals/corr/PapernotMWJS15},
  bibsource = {dblp computer science bibliography, https://dblp.org}
}

@book{lightning,
 author = {D.L. Lucas, J.D. Harper},
 title = {A numerical representation of CCIR report 322 high frequency (3-30 MC/S) atmospheric radio noise data},
 year = {1965},
 publisher = {NBS Technical Note 318},
}

@article{dadaptadversarial,
  author    = {Eric Tzeng and
               Judy Hoffman and
               Kate Saenko and
               Trevor Darrell},
  title     = {Adversarial Discriminative Domain Adaptation},
  journal   = {CoRR},
  volume    = {abs/1702.05464},
  year      = {2017}
}

@book{matern,
 author = {Rasmussen, Carl Edward and Williams, Christopher K. I.},
 title = {Gaussian Processes for Machine Learning (Adaptive Computation and Machine Learning)},
 year = {2005},
 isbn = {026218253X},
 publisher = {The MIT Press},
} 

@article{dadaptadversarial,
  author    = {Eric Tzeng and
               Judy Hoffman and
               Kate Saenko and
               Trevor Darrell},
  title     = {Adversarial Discriminative Domain Adaptation},
  journal   = {CoRR},
  volume    = {abs/1702.05464},
  year      = {2017}
}

@article{dadaptcyc,
  author    = {Jun{-}Yan Zhu and
               Taesung Park and
               Phillip Isola and
               Alexei A. Efros},
  title     = {Unpaired Image-to-Image Translation using Cycle-Consistent Adversarial
               Networks},
  journal   = {CoRR},
  volume    = {abs/1703.10593},
  year      = {2017}
}

@article{wang2017deep,
  title={Deep learning for wireless physical layer: Opportunities and challenges},
  author={Wang, Tianqi and Wen, Chao-Kai and Wang, Hanqing and Gao, Feifei and Jiang, Tao and Jin, Shi},
  journal={China Communications},
  volume={14},
  number={11},
  pages={92--111},
  year={2017},
  publisher={IEEE}
}

@article{dadaptagnostic,
  author    = {Judy Hoffman and
               Dequan Wang and
               Fisher Yu and
               Trevor Darrell},
  title     = {FCNs in the Wild: Pixel-level Adversarial and Constraint-based Adaptation},
  journal   = {CoRR},
  volume    = {abs/1612.02649},
  year      = {2016}
}

@inproceedings{fooled,
  added-at = {2016-04-28T00:00:00.000+0200},
  author = {Nguyen, Anh Mai and Yosinski, Jason and Clune, Jeff},
  biburl = {https://www.bibsonomy.org/bibtex/26672da9a292a16afa346ca2d8e3c181a/dblp},
  booktitle = {CVPR},
  ee = {http://doi.ieeecomputersociety.org/10.1109/CVPR.2015.7298640},
  interhash = {c8af26890ac9aa947cf1485879db901f},
  intrahash = {6672da9a292a16afa346ca2d8e3c181a},
  isbn = {978-1-4673-6964-0},
  keywords = {dblp},
  pages = {427-436},
  publisher = {IEEE Computer Society},
  timestamp = {2016-04-29T11:54:14.000+0200},
  title = {Deep neural networks are easily fooled: High confidence predictions for unrecognizable images.},
  url = {http://dblp.uni-trier.de/db/conf/cvpr/cvpr2015.html#NguyenYC15},
  year = 2015
}



@inproceedings{o2016radio,
  title={Radio machine learning dataset generation with gnu radio},
  author={O'Shea, Timothy J and West, Nathan},
  booktitle={Proceedings of the GNU Radio Conference},
  volume={1},
  number={1},
  year={2016}
}

@article{gan,
  author    = {Antonia Creswell and
               Tom White and
               Vincent Dumoulin and
               Kai Arulkumaran and
               Biswa Sengupta and
               Anil A. Bharath},
  title     = {Generative Adversarial Networks: An Overview},
  journal   = {CoRR},
  volume    = {abs/1710.07035},
  year      = {2017},
  url       = {http://arxiv.org/abs/1710.07035},
  archivePrefix = {arXiv},
  eprint    = {1710.07035},
  timestamp = {Wed, 01 Nov 2017 19:05:43 +0100},
  biburl    = {https://dblp.org/rec/bib/journals/corr/abs-1710-07035},
  bibsource = {dblp computer science bibliography, https://dblp.org}
}

@book{schenk2008rf,
  title={RF imperfections in high-rate wireless systems: impact and digital compensation},
  author={Schenk, Tim},
  year={2008},
  publisher={Springer Science \& Business Media}
}

@ARTICLE{6815911, 
author={S. G. Bilen and A. M. Wyglinski and C. R. Anderson and T. Cooklev and C. Dietrich and B. Farhang-Boroujeny and J. V. Urbina and S. H. Edwards and J. H. Reed}, 
journal={IEEE Communications Magazine}, 
title={Software-defined radio: a new paradigm for integrated curriculum delivery}, 
year={2014}, 
volume={52}, 
number={5}, 
pages={184-193}, 
keywords={educational institutions;software radio;telecommunication engineering education;SDR system;communications;computer programming;computer science curricula;cross-domain learning;digital signal processing;electrical engineering curricula;electromagnetics;embedded systems;integrated curriculum delivery;radiofrequency engineering;software-defined radio;systems engineering;university level;Digital signal processing;Education courses;Electrical engineering education;Radio frequency;Software defined radio;Training}, 
doi={10.1109/MCOM.2014.6815911}, 
ISSN={0163-6804}, 
month={May},}

@article{distill,
  author    = {Geoffrey E. Hinton and
               Oriol Vinyals and
               Jeffrey Dean},
  title     = {Distilling the Knowledge in a Neural Network},
  journal   = {CoRR},
  volume    = {abs/1503.02531},
  year      = {2015},
  url       = {http://arxiv.org/abs/1503.02531},
  archivePrefix = {arXiv},
  eprint    = {1503.02531},
  timestamp = {Wed, 07 Jun 2017 14:41:45 +0200},
  biburl    = {https://dblp.org/rec/bib/journals/corr/HintonVD15},
  bibsource = {dblp computer science bibliography, https://dblp.org}
}

@book{wymeersch2007iterative,
  title={Iterative receiver design},
  author={Wymeersch, Henk},
  volume={234},
  year={2007},
  publisher={Cambridge University Press Cambridge}
}

@article{siegelmann1995computational,
  title={On the computational power of neural nets},
  author={Siegelmann, Hava T and Sontag, Eduardo D},
  journal={Journal of Computer and System Sciences},
  volume={50},
  number={1},
  pages={132--150},
  year={1995},
  publisher={Elsevier}
}

@inproceedings{raina2009large,
  title={Large-scale deep unsupervised learning using graphics processors},
  author={Raina, Rajat and Madhavan, Anand and Ng, Andrew Y},
  booktitle={Proceedings of the 26th Annual International Conference on Machine Learning},
  pages={873--880},
  year={2009},
  organization={ACM}
}

@INPROCEEDINGS{modclassback, 
author={N. E. West and T. O'Shea}, 
booktitle={2017 IEEE International Symposium on Dynamic Spectrum Access Networks (DySPAN)}, 
title={Deep architectures for modulation recognition}, 
year={2017}, 
volume={}, 
number={}, 
pages={1-6}, 
keywords={learning (artificial intelligence);modulation;neural nets;radiocommunication;signal classification;telecommunication computing;deep architectures;deep neural networks;equalization learning;machine learning;network depth;radio modulation recognition;synchronization learning;Computer architecture;Convolution;Dynamic spectrum access;Modulation;Network architecture;Neural networks;Training}, 
doi={10.1109/DySPAN.2017.7920754}, 
ISSN={}, 
month={March},}

@ARTICLE{bayesian, 
author={B. Shahriari and K. Swersky and Z. Wang and R. P. Adams and N. de Freitas}, 
journal={Proceedings of the IEEE}, 
title={Taking the Human Out of the Loop: A Review of Bayesian Optimization}, 
year={2016}, 
volume={104}, 
number={1}, 
pages={148-175}, 
keywords={Bayes methods;Big Data;optimisation;storage allocation;Bayesian optimization;Big data application;human productivity;large-scale heterogeneous computing;massive complex software system;product quality;storage architecture;Bayes methods;Big data;Decision making;Design of experiments;Genomes;Linear programming;Optimization;Statistical analysis;Decision making;decision making;design of experiments;genomic medicine;optimization;response surface methodology;statistical learning}, 
doi={10.1109/JPROC.2015.2494218}, 
ISSN={0018-9219}, 
month={Jan},}

@article{dropout,
  author  = {Nitish Srivastava and Geoffrey Hinton and Alex Krizhevsky and Ilya Sutskever and Ruslan Salakhutdinov},
  title   = {Dropout: A Simple Way to Prevent Neural Networks from Overfitting},
  journal = {Journal of Machine Learning Research},
  year    = {2014},
  volume  = {15},
  pages   = {1929-1958},
  url     = {http://jmlr.org/papers/v15/srivastava14a.html}
}

@article{cs231,
  title={CS231n Convolutional Neural Networks for Visual Recognition
},
  author={Fei-Fei Li, Justin Johnson, Serena Yeung},
  journal={http://cs231n.github.io/},
  year={Stanford University, April 2018},
  publisher={Stanford University}
}

@book{rappaport1996wireless,
  title={Wireless communications: principles and practice},
  author={Rappaport, Theodore S and others},
  volume={2},
  year={1996},
  publisher={Prentice Hall PTR New Jersey}
}



@incollection{imagenet,
title = {ImageNet Classification with Deep Convolutional Neural Networks},
author = {Alex Krizhevsky and Sutskever, Ilya and Hinton, Geoffrey E},
booktitle = {Advances in Neural Information Processing Systems 25},
editor = {F. Pereira and C. J. C. Burges and L. Bottou and K. Q. Weinberger},
pages = {1097--1105},
year = {2012},
publisher = {Curran Associates, Inc.},
url = {http://papers.nips.cc/paper/4824-imagenet-classification-with-deep-convolutional-neural-networks.pdf}
}

@article{zfnet,
  author    = {Matthew D. Zeiler and
               Rob Fergus},
  title     = {Visualizing and Understanding Convolutional Networks},
  journal   = {CoRR},
  volume    = {abs/1311.2901},
  year      = {2013},
  url       = {http://arxiv.org/abs/1311.2901},
  archivePrefix = {arXiv},
  eprint    = {1311.2901},
  timestamp = {Wed, 07 Jun 2017 14:40:45 +0200},
  biburl    = {https://dblp.org/rec/bib/journals/corr/ZeilerF13},
  bibsource = {dblp computer science bibliography, https://dblp.org}
}

@article{googlenet,
  author    = {Christian Szegedy and
               Wei Liu and
               Yangqing Jia and
               Pierre Sermanet and
               Scott E. Reed and
               Dragomir Anguelov and
               Dumitru Erhan and
               Vincent Vanhoucke and
               Andrew Rabinovich},
  title     = {Going Deeper with Convolutions},
  journal   = {CoRR},
  volume    = {abs/1409.4842},
  year      = {2014},
  url       = {http://arxiv.org/abs/1409.4842},
  archivePrefix = {arXiv},
  eprint    = {1409.4842},
  timestamp = {Wed, 07 Jun 2017 14:40:42 +0200},
  biburl    = {https://dblp.org/rec/bib/journals/corr/SzegedyLJSRAEVR14},
  bibsource = {dblp computer science bibliography, https://dblp.org}
}

@ARTICLE{quant, 
author={J. F. Blinn}, 
journal={IEEE Computer Graphics and Applications}, 
title={Quantization error and dithering}, 
year={1994}, 
volume={14}, 
number={4}, 
pages={78-82}, 
keywords={data compression;image coding;signal processing;quantization error;noise-free images;noise;round-off error;image arithmetic;contrast enhancement;analog signal;digital signal;high color-resolution signal;low resolution signal;image processing;Quantization;Pixel;Digital images;Image storage;Roundoff errors;Arithmetic;Computer errors;Image sampling;Frequency;Signal resolution}, 
doi={10.1109/38.291534}, 
ISSN={0272-1716}, 
month={July},}

@INPROCEEDINGS{cmbr, 
author={D. Sahoo and A. Gupta}, 
booktitle={2018 IEEE Aerospace Conference}, 
title={Analysis of CMBR using nano-satellite}, 
year={2018}, 
volume={}, 
number={}, 
pages={1-7}, 
keywords={artificial satellites;cosmic acceleration;cosmology;radiofrequency cosmic radiation;red shift;surrounding sources;cosmic microwave background radiation;observable universe;cosmic inflation era;Nanosat;interfering radiation;massive redshift;electromagnetic radiation;light source;ever-expanding universe;CMBR analysis;nanosatellite;temperature 2.5 K to 4.5 K;wavelength 2.0 mm;wavelength 10.0 cm;Earth;Anisotropic magnetoresistance;Satellite broadcasting;Temperature measurement;Photonics;Microwave communication;Cosmic Microwave Background Radiation(CMBR);Nano-Satellite;Recombination Epoch}, 
doi={10.1109/AERO.2018.8396580}, 
ISSN={}, 
month={March},}

@INPROCEEDINGS{cosmic, 
author={M. Stephan}, 
booktitle={2010 Asia-Pacific Microwave Conference}, 
title={Antennas, filters and preamplifiers designed for the radio detection of ultra-high-energy cosmic rays}, 
year={2010}, 
volume={}, 
number={}, 
pages={1455-1458}, 
keywords={astronomical instruments;broadband antennas;cosmic ray apparatus;cosmic ray showers;HF amplifiers;high-energy cosmic ray interactions;log periodic antennas;low noise amplifiers;preamplifiers;radioastronomical techniques;radioastronomy;radiofrequency filters;filters;preamplifiers;radio detection;ultrahigh-energy cosmic rays;charged particles;astroparticle physics;cosmic ray detection;radio pulse measurement;secondary shower particles;broadband antennas;HF low noise amplifiers;AERA;Auger Engineering Radio Array;Pierre Auger Observatory;bandwidth 30 MHz to 80 MHz;Noise;Cosmic rays;Detectors;Antennas;Antenna measurements;Atmospheric measurements;Particle measurements;astroparticle-physics;HF low noise amplifiers (LNA);HF radar detection;ladder filters;log periodic dipole antennas (LPDA)}, 
doi={}, 
ISSN={2165-4727}, 
month={Dec},}

@MISC{oku68,
    author = {Yuvraj Singh},
    title = {Comparison of Okumura, Hata and COST-231 Models on the Basis of Path Loss and Signal Strength},
    year = {}
}

@article{resnet,
  author    = {Kaiming He and
               Xiangyu Zhang and
               Shaoqing Ren and
               Jian Sun},
  title     = {Deep Residual Learning for Image Recognition},
  journal   = {CoRR},
  volume    = {abs/1512.03385},
  year      = {2015},
  url       = {http://arxiv.org/abs/1512.03385},
  archivePrefix = {arXiv},
  eprint    = {1512.03385},
  timestamp = {Wed, 07 Jun 2017 14:41:17 +0200},
  biburl    = {https://dblp.org/rec/bib/journals/corr/HeZRS15},
  bibsource = {dblp computer science bibliography, https://dblp.org}
}

@Article{vggnet,
    author       = "Simonyan, K. and Zisserman, A.",
    title        = "Very Deep Convolutional Networks for Large-Scale Image Recognition",
    journal      = "CoRR",
    volume       = "abs/1409.1556",
    year         = "2014"
}

@ARTICLE{lenet, 
author={Y. Lecun and L. Bottou and Y. Bengio and P. Haffner}, 
journal={Proceedings of the IEEE}, 
title={Gradient-based learning applied to document recognition}, 
year={1998}, 
volume={86}, 
number={11}, 
pages={2278-2324}, 
keywords={backpropagation;convolution;multilayer perceptrons;optical character recognition;2D shape variability;GTN;back-propagation;cheque reading;complex decision surface synthesis;convolutional neural network character recognizers;document recognition;document recognition systems;field extraction;gradient based learning technique;gradient-based learning;graph transformer networks;handwritten character recognition;handwritten digit recognition task;high-dimensional patterns;language modeling;multilayer neural networks;multimodule systems;performance measure minimization;segmentation recognition;Character recognition;Feature extraction;Hidden Markov models;Machine learning;Multi-layer neural network;Neural networks;Optical character recognition software;Optical computing;Pattern recognition;Principal component analysis}, 
doi={10.1109/5.726791}, 
ISSN={0018-9219}, 
month={Nov},}



@book{pahlavan2005wireless,
  title={Wireless information networks},
  author={Pahlavan, Kaveh and Levesque, Allen H},
  volume={93},
  year={2005},
  publisher={John Wiley \& Sons}
}

@book{tsb88tia,
  title={
	Wireless Communications Systems Performance in Noise and Interference Limited Situations Part 2: 	 Propagation and Noise},
  author={TIA},
  volume={2, revision E},
  year={2016},
  publisher={Telecommuncations Industry Association}
}

@inproceedings{nachmani2016learning,
  title={Learning to decode linear codes using deep learning},
  author={Nachmani, Eliya and Be'ery, Yair and Burshtein, David},
  booktitle={Communication, Control, and Computing (Allerton), 2016 54th Annual Allerton Conference on},
  pages={341--346},
  year={2016},
  organization={IEEE}
}

@article{nachmani2017rnn,
  title={RNN decoding of linear block codes},
  author={Nachmani, Eliya and Marciano, Elad and Burshtein, David and Be'ery, Yair},
  journal={arXiv preprint arXiv:1702.07560},
  year={2017}
}

@inproceedings{gruber2017deep,
  title={On deep learning-based channel decoding},
  author={Gruber, Tobias and Cammerer, Sebastian and Hoydis, Jakob and ten Brink, Stephan},
  booktitle={Information Sciences and Systems (CISS), 2017 51st Annual Conference on},
  pages={1--6},
  year={2017},
  organization={IEEE}
}

@article{cammerer2017scaling,
  title={Scaling deep learning-based decoding of polar codes via partitioning},
  author={Cammerer, Sebastian and Gruber, Tobias and Hoydis, Jakob and Brink, Stephan ten},
  journal={arXiv preprint arXiv:1702.06901},
  year={2017}
}

@article{bruck1989neural,
  title={Neural networks, error-correcting codes, and polynomials over the binary n-cube},
  author={Bruck, Jehoshua and Blaum, Mario},
  journal={IEEE Transactions on information theory},
  volume={35},
  number={5},
  pages={976--987},
  year={1989},
  publisher={IEEE}
}

@article{drcn,
  author    = {Muhammad Ghifary and
               W. Bastiaan Kleijn and
               Mengjie Zhang and
               David Balduzzi and
               Wen Li},
  title     = {Deep Reconstruction-Classification Networks for Unsupervised Domain
               Adaptation},
  journal   = {CoRR},
  volume    = {abs/1607.03516},
  year      = {2016},
  url       = {http://arxiv.org/abs/1607.03516},
  archivePrefix = {arXiv},
  eprint    = {1607.03516},
  timestamp = {Wed, 07 Jun 2017 14:40:24 +0200},
  biburl    = {https://dblp.org/rec/bib/journals/corr/GhifaryKZBL16},
  bibsource = {dblp computer science bibliography, https://dblp.org}
}

@article{dadaptHRL,
  author    = {Zak Murez and
               Soheil Kolouri and
               David J. Kriegman and
               Ravi Ramamoorthi and
               Kyungnam Kim},
  title     = {Image to Image Translation for Domain Adaptation},
  journal   = {CoRR},
  volume    = {abs/1712.00479},
  year      = {2017},
  url       = {http://arxiv.org/abs/1712.00479},
  archivePrefix = {arXiv},
  eprint    = {1712.00479},
  timestamp = {Wed, 03 Jan 2018 12:33:17 +0100},
  biburl    = {https://dblp.org/rec/bib/journals/corr/abs-1712-00479},
  bibsource = {dblp computer science bibliography, https://dblp.org}
}

@inproceedings{ortuno1992error,
  title={Error correcting neural networks for channels with gaussian noise},
  author={Ortuno, I and Ortuno, M and Delgado, JA},
  booktitle={Neural Networks, 1992. IJCNN., International Joint Conference on},
  volume={4},
  pages={295--300},
  year={1992},
  organization={IEEE}
}

@article{samuel2017deep,
  title={Deep MIMO detection},
  author={Samuel, Neev and Diskin, Tzvi and Wiesel, Ami},
  journal={arXiv preprint arXiv:1706.01151},
  year={2017}
}

@inproceedings{jeon2017blind,
  title={Blind detection for MIMO systems with low-resolution ADCs using supervised learning},
  author={Jeon, Yo-Seb and Hong, Song-Nam and Lee, Namyoon},
  booktitle={Communications (ICC), 2017 IEEE International Conference on},
  pages={1--6},
  year={2017},
  organization={IEEE}
}

@article{vieira2017deep,
  title={Deep Convolutional Neural Networks for Massive MIMO Fingerprint-Based Positioning},
  author={Vieira, Joao and Leitinger, Erik and Sarajlic, Muris and Li, Xuhong and Tufvesson, Fredrik},
  journal={arXiv preprint arXiv:1708.06235},
  year={2017}
}

@article{universalapproxarticle,
  title={Neural Networks and Deep Learning},
  author={Michael A. Nielsen},
  journal={Determination Press},
  year={2015}
}

@article{sun2017learning,
  title={Learning to optimize: Training deep neural networks for wireless resource management},
  author={Sun, Haoran and Chen, Xiangyi and Shi, Qingjiang and Hong, Mingyi and Fu, Xiao and Sidiropoulos, Nikos D},
  journal={arXiv preprint arXiv:1705.09412},
  year={2017}
}

@inproceedings{o2016convolutional,
  title={Convolutional radio modulation recognition networks},
  author={O'Shea, Timothy J and Corgan, Johnathan and Clancy, T Charles},
  booktitle={International Conference on Engineering Applications of Neural Networks},
  pages={213--226},
  year={2016},
  organization={Springer}
}

@article{abdelmutalab2016automatic,
  title={Automatic modulation classification based on high order cumulants and hierarchical polynomial classifiers},
  author={Abdelmutalab, Ameen and Assaleh, Khaled and El-Tarhuni, Mohamed},
  journal={Physical Communication},
  volume={21},
  pages={10--18},
  year={2016},
  publisher={Elsevier}
}

@MISC{uniapproxim,
    author = {G. Cybenko},
    title = { Approximation by Superpositions of a Sigmoidal Function},
    year = {1989}
}

@article{pulliyakode2017reinforcement,
  title={Reinforcement learning techniques for Outer Loop Link Adaptation in 4G/5G systems},
  author={Pulliyakode, Saishankar Katri and Kalyani, Sheetal},
  journal={arXiv preprint arXiv:1708.00994},
  year={2017}
}

@article{challita2017proactive,
  title={Proactive resource management in LTE-U systems: A deep learning perspective},
  author={Challita, Ursula and Dong, Li and Saad, Walid},
  journal={arXiv preprint arXiv:1702.07031},
  year={2017}
}







@article{pca,
author = { Karl   Pearson   F.R.S. },
title = {On lines and planes of closest fit to systems of points in space},
journal = {The London, Edinburgh, and Dublin Philosophical Magazine and Journal of Science},
volume = {2},
number = {11},
pages = {559-572},
year  = {1901},
publisher = {Taylor & Francis},
doi = {10.1080/14786440109462720},

URL = { 
        https://doi.org/10.1080/14786440109462720
    
},
eprint = { 
        https://doi.org/10.1080/14786440109462720
    
}

}

    @article {,
    title = {},
    journal = {Phil. Trans.},
    volume = {clxxxvii},
    pages = {301},
    year = {}
    }

    @article {,
    title = {},
    journal = {Phil. Trans.},
    volume = {clxxxvii},
    pages = {302},
    year = {}
    }




@inproceedings{fehske2005new,
  title={A new approach to signal classification using spectral correlation and neural networks},
  author={Fehske, A and Gaeddert, J and Reed, Jeffrey H},
  booktitle={New Frontiers in Dynamic Spectrum Access Networks, 2005. DySPAN 2005. 2005 First IEEE International Symposium on},
  pages={144--150},
  year={2005},
  organization={IEEE}
}

@article{ibukahla1997neural,
  title={Neural networks for modeling nonlinear memoryless communication channels},
  author={Ibukahla, M and Sombria, J and Castanie, Francis and Bershad, Neil J},
  journal={IEEE transactions on communications},
  volume={45},
  number={7},
  pages={768--771},
  year={1997},
  publisher={IEEE}
}

@article{chen1990adaptive,
  title={Adaptive equalization of finite non-linear channels using multilayer perceptrons},
  author={Chen, S and Gibson, GJ and Cowan, CFN and Grant, PM},
  journal={Signal processing},
  volume={20},
  number={2},
  pages={107--119},
  year={1990},
  publisher={Elsevier}
}

@article{weightinit,
  author    = {Kaiming He and
               Xiangyu Zhang and
               Shaoqing Ren and
               Jian Sun},
  title     = {Delving Deep into Rectifiers: Surpassing Human-Level Performance on
               ImageNet Classification},
  journal   = {CoRR},
  volume    = {abs/1502.01852},
  year      = {2015},
  url       = {http://arxiv.org/abs/1502.01852},
  archivePrefix = {arXiv},
  eprint    = {1502.01852},
  timestamp = {Wed, 07 Jun 2017 14:41:19 +0200},
  biburl    = {https://dblp.org/rec/bib/journals/corr/HeZR015},
  bibsource = {dblp computer science bibliography, https://dblp.org}
}

@inproceedings{mousavi2015deep,
  title={A deep learning approach to structured signal recovery},
  author={Mousavi, Ali and Patel, Ankit B and Baraniuk, Richard G},
  booktitle={Communication, Control, and Computing (Allerton), 2015 53rd Annual Allerton Conference on},
  pages={1336--1343},
  year={2015},
  organization={IEEE}
}

@techreport{adagrad,
    Author = {Duchi, John and Hazan, Elad and Singer, Yoram},
    Title = {Adaptive Subgradient Methods for Online Learning and Stochastic Optimization},
    Institution = {EECS Department, University of California, Berkeley},
    Year = {2010},
    Month = {Mar},
    URL = {http://www2.eecs.berkeley.edu/Pubs/TechRpts/2010/EECS-2010-24.html},
    Number = {UCB/EECS-2010-24},
    Abstract = {We present a new family of subgradient methods that dynamically incorporate knowledge of the geometry of the data observed in earlier iterations to perform more informative gradient-based learning. Metaphorically, the adaptation allows us to find needles in haystacks in the form of very predictive but rarely seen features. Our paradigm stems from recent advances in stochastic optimization and online learning which employ proximal functions to control the gradient steps of the algorithm. We describe and analyze an apparatus for adaptively modifying the proximal function, which significantly simplifies setting a learning rate and results in regret guarantees that are provably as good as the best proximal function that can be chosen in hindsight. We give several efficient algorithms for empirical risk minimization problems with common and important regularization functions and domain constraints. We experimentally study our theoretical analysis and show that adaptive subgradient methods significantly outperform state-of-the-art, yet non-adaptive, subgradient algorithms.}
}

@article{adam,
  author    = {Diederik P. Kingma and
               Jimmy Ba},
  title     = {Adam: {A} Method for Stochastic Optimization},
  journal   = {CoRR},
  volume    = {abs/1412.6980},
  year      = {2014},
  url       = {http://arxiv.org/abs/1412.6980},
  archivePrefix = {arXiv},
  eprint    = {1412.6980},
  timestamp = {Wed, 07 Jun 2017 14:40:52 +0200},
  biburl    = {https://dblp.org/rec/bib/journals/corr/KingmaB14},
  bibsource = {dblp computer science bibliography, https://dblp.org}
}

@inproceedings{mousavi2017learning,
  title={Learning to invert: Signal recovery via deep convolutional networks},
  author={Mousavi, Ali and Baraniuk, Richard G},
  booktitle={Acoustics, Speech and Signal Processing (ICASSP), 2017 IEEE International Conference on},
  pages={2272--2276},
  year={2017},
  organization={IEEE}
}

@article{DBLP:journals/corr/HeZR015,
  author    = {Kaiming He and
               Xiangyu Zhang and
               Shaoqing Ren and
               Jian Sun},
  title     = {Delving Deep into Rectifiers: Surpassing Human-Level Performance on
               ImageNet Classification},
  journal   = {CoRR},
  volume    = {abs/1502.01852},
  year      = {2015},
  url       = {http://arxiv.org/abs/1502.01852},
  archivePrefix = {arXiv},
  eprint    = {1502.01852},
  timestamp = {Wed, 07 Jun 2017 14:41:19 +0200},
  biburl    = {https://dblp.org/rec/bib/journals/corr/HeZR015},
  bibsource = {dblp computer science bibliography, https://dblp.org}
}

@article{n_moment,
  author    = {Yoshua Bengio and
               Nicolas Boulanger{-}Lewandowski and
               Razvan Pascanu},
  title     = {Advances in Optimizing Recurrent Networks},
  journal   = {CoRR},
  volume    = {abs/1212.0901},
  year      = {2012},
  url       = {http://arxiv.org/abs/1212.0901},
  archivePrefix = {arXiv},
  eprint    = {1212.0901},
  timestamp = {Wed, 07 Jun 2017 14:41:53 +0200},
  biburl    = {https://dblp.org/rec/bib/journals/corr/abs-1212-0901},
  bibsource = {dblp computer science bibliography, https://dblp.org}
}

@inproceedings{n210sbx,
  title={SBX Without UHD Corrections},
  author={},
  booktitle={Performance Data},
  pages={},
  year={October 2014},
  organization={Ettus Research}
}

@article{cifar,
author = {Krizhevsky, Alex},
year = {2012},
month = {05},
pages = {},
title = {Learning Multiple Layers of Features from Tiny Images},
booktitle = {University of Toronto}
}

@article{ye2017power,
  title={Power of deep learning for channel estimation and signal detection in OFDM systems},
  author={Ye, Hao and Li, Geoffrey Ye and Juang, Biing-Hwang},
  journal={IEEE Wireless Communications Letters},
  year={2017},
  publisher={IEEE}
}

@inproceedings{Krizhevsky:2012:ICD:2999134.2999257,
 author = {Krizhevsky, Alex and Sutskever, Ilya and Hinton, Geoffrey E.},
 title = {ImageNet Classification with Deep Convolutional Neural Networks},
 booktitle = {Proceedings of the 25th International Conference on Neural Information Processing Systems - Volume 1},
 series = {NIPS'12},
 year = {2012},
 location = {Lake Tahoe, Nevada},
 pages = {1097--1105},
 numpages = {9},
 url = {http://dl.acm.org/citation.cfm?id=2999134.2999257},
 acmid = {2999257},
 publisher = {Curran Associates Inc.},
 address = {USA},
} 

@ARTICLE{75512, 
author={S. J. Raudys and A. K. Jain}, 
journal={IEEE Transactions on Pattern Analysis and Machine Intelligence}, 
title={Small sample size effects in statistical pattern recognition: recommendations for practitioners}, 
year={1991}, 
volume={13}, 
number={3}, 
pages={252-264}, 
keywords={pattern recognition;statistical analysis;classifiers;error estimation;error rates;feature selection;learning;sample size effects;statistical pattern recognition;Algorithm design and analysis;Classification algorithms;Cybernetics;Error analysis;Estimation error;Mathematics;Pattern analysis;Pattern recognition;Performance analysis;System testing}, 
doi={10.1109/34.75512}, 
ISSN={0162-8828}, 
month={Mar},}

@inproceedings{o2016learning,
  title={Learning to communicate: Channel auto-encoders, domain specific regularizers, and attention},
  author={O'Shea, Timothy J and Karra, Kiran and Clancy, T Charles},
  booktitle={Signal Processing and Information Technology (ISSPIT), 2016 IEEE International Symposium on},
  pages={223--228},
  year={2016},
  organization={IEEE}
}

@INPROCEEDINGS{8170853,
author={S. C. Hauser and W. C. Headley and A. J. Michaels},
booktitle={MILCOM 2017 - 2017 IEEE Military Communications Conference (MILCOM)},
title={Signal detection effects on deep neural networks utilizing raw IQ for modulation classification},
year={2017},
volume={},
number={},
pages={121-127},
keywords={frequency estimation;frequency shift keying;neural nets;phase shift keying;quadrature amplitude modulation;quadrature phase shift keying;signal classification;signal detection;16QAM;2FSK;4FSK;64QAM;8FSK;BPSK;QPSK;automatic modulation classification decisions;automatic modulation classification techniques;carrier frequency estimation;classification accuracy;deep neural networks;feature-based techniques;generalized parameter set;raw IQ samples;representative convolutional neural network;sample rate estimation;signal detection effects;Bandwidth;Feature extraction;Modulation;Neural networks;Receivers;Signal to noise ratio;Training},
doi={10.1109/MILCOM.2017.8170853},
ISSN={},
month={Oct},}








