@ARTICLE{8054694,
author={T. O'Shea and J. Hoydis},
journal={IEEE Transactions on Cognitive Communications and Networking},
title={An Introduction to Deep Learning for the Physical Layer},
year={2017},
volume={3},
number={4},
pages={563-575},
keywords={Artificial neural networks;Communication systems;Machine learning;Modulation;Physical layer;Radio transmitters;Receivers;Machine learning;cognitive radio;deep learning;digital communications;modulation;physical layer;radio communication},
doi={10.1109/TCCN.2017.2758370},
ISSN={},
month={Dec},}

@article{wang2017deep,
  title={Deep learning for wireless physical layer: Opportunities and challenges},
  author={Wang, Tianqi and Wen, Chao-Kai and Wang, Hanqing and Gao, Feifei and Jiang, Tao and Jin, Shi},
  journal={China Communications},
  volume={14},
  number={11},
  pages={92--111},
  year={2017},
  publisher={IEEE}
}

@inproceedings{o2016radio,
  title={Radio machine learning dataset generation with gnu radio},
  author={O'Shea, Timothy J and West, Nathan},
  booktitle={Proceedings of the GNU Radio Conference},
  volume={1},
  number={1},
  year={2016}
}

@book{schenk2008rf,
  title={RF imperfections in high-rate wireless systems: impact and digital compensation},
  author={Schenk, Tim},
  year={2008},
  publisher={Springer Science \& Business Media}
}

@book{wymeersch2007iterative,
  title={Iterative receiver design},
  author={Wymeersch, Henk},
  volume={234},
  year={2007},
  publisher={Cambridge University Press Cambridge}
}

@article{siegelmann1995computational,
  title={On the computational power of neural nets},
  author={Siegelmann, Hava T and Sontag, Eduardo D},
  journal={Journal of Computer and System Sciences},
  volume={50},
  number={1},
  pages={132--150},
  year={1995},
  publisher={Elsevier}
}

@inproceedings{raina2009large,
  title={Large-scale deep unsupervised learning using graphics processors},
  author={Raina, Rajat and Madhavan, Anand and Ng, Andrew Y},
  booktitle={Proceedings of the 26th Annual International Conference on Machine Learning},
  pages={873--880},
  year={2009},
  organization={ACM}
}

@book{rappaport1996wireless,
  title={Wireless communications: principles and practice},
  author={Rappaport, Theodore S and others},
  volume={2},
  year={1996},
  publisher={Prentice Hall PTR New Jersey}
}

@book{pahlavan2005wireless,
  title={Wireless information networks},
  author={Pahlavan, Kaveh and Levesque, Allen H},
  volume={93},
  year={2005},
  publisher={John Wiley \& Sons}
}

@book{tsb88tia,
  title={
	Wireless Communications Systems Performance in Noise and Interference Limited Situations Part 2: 	 Propagation and Noise},
  author={TIA},
  volume={2, revision E},
  year={2016},
  publisher={Telecommuncations Industry Association}
}

@inproceedings{nachmani2016learning,
  title={Learning to decode linear codes using deep learning},
  author={Nachmani, Eliya and Be'ery, Yair and Burshtein, David},
  booktitle={Communication, Control, and Computing (Allerton), 2016 54th Annual Allerton Conference on},
  pages={341--346},
  year={2016},
  organization={IEEE}
}

@article{nachmani2017rnn,
  title={RNN decoding of linear block codes},
  author={Nachmani, Eliya and Marciano, Elad and Burshtein, David and Be'ery, Yair},
  journal={arXiv preprint arXiv:1702.07560},
  year={2017}
}

@inproceedings{gruber2017deep,
  title={On deep learning-based channel decoding},
  author={Gruber, Tobias and Cammerer, Sebastian and Hoydis, Jakob and ten Brink, Stephan},
  booktitle={Information Sciences and Systems (CISS), 2017 51st Annual Conference on},
  pages={1--6},
  year={2017},
  organization={IEEE}
}

@article{cammerer2017scaling,
  title={Scaling deep learning-based decoding of polar codes via partitioning},
  author={Cammerer, Sebastian and Gruber, Tobias and Hoydis, Jakob and Brink, Stephan ten},
  journal={arXiv preprint arXiv:1702.06901},
  year={2017}
}

@article{bruck1989neural,
  title={Neural networks, error-correcting codes, and polynomials over the binary n-cube},
  author={Bruck, Jehoshua and Blaum, Mario},
  journal={IEEE Transactions on information theory},
  volume={35},
  number={5},
  pages={976--987},
  year={1989},
  publisher={IEEE}
}

@inproceedings{ortuno1992error,
  title={Error correcting neural networks for channels with gaussian noise},
  author={Ortuno, I and Ortuno, M and Delgado, JA},
  booktitle={Neural Networks, 1992. IJCNN., International Joint Conference on},
  volume={4},
  pages={295--300},
  year={1992},
  organization={IEEE}
}

@article{samuel2017deep,
  title={Deep MIMO detection},
  author={Samuel, Neev and Diskin, Tzvi and Wiesel, Ami},
  journal={arXiv preprint arXiv:1706.01151},
  year={2017}
}

@inproceedings{jeon2017blind,
  title={Blind detection for MIMO systems with low-resolution ADCs using supervised learning},
  author={Jeon, Yo-Seb and Hong, Song-Nam and Lee, Namyoon},
  booktitle={Communications (ICC), 2017 IEEE International Conference on},
  pages={1--6},
  year={2017},
  organization={IEEE}
}

@article{vieira2017deep,
  title={Deep Convolutional Neural Networks for Massive MIMO Fingerprint-Based Positioning},
  author={Vieira, Joao and Leitinger, Erik and Sarajlic, Muris and Li, Xuhong and Tufvesson, Fredrik},
  journal={arXiv preprint arXiv:1708.06235},
  year={2017}
}

@article{sun2017learning,
  title={Learning to optimize: Training deep neural networks for wireless resource management},
  author={Sun, Haoran and Chen, Xiangyi and Shi, Qingjiang and Hong, Mingyi and Fu, Xiao and Sidiropoulos, Nikos D},
  journal={arXiv preprint arXiv:1705.09412},
  year={2017}
}

@inproceedings{o2016convolutional,
  title={Convolutional radio modulation recognition networks},
  author={O'Shea, Timothy J and Corgan, Johnathan and Clancy, T Charles},
  booktitle={International Conference on Engineering Applications of Neural Networks},
  pages={213--226},
  year={2016},
  organization={Springer}
}

@article{abdelmutalab2016automatic,
  title={Automatic modulation classification based on high order cumulants and hierarchical polynomial classifiers},
  author={Abdelmutalab, Ameen and Assaleh, Khaled and El-Tarhuni, Mohamed},
  journal={Physical Communication},
  volume={21},
  pages={10--18},
  year={2016},
  publisher={Elsevier}
}

@article{pulliyakode2017reinforcement,
  title={Reinforcement learning techniques for Outer Loop Link Adaptation in 4G/5G systems},
  author={Pulliyakode, Saishankar Katri and Kalyani, Sheetal},
  journal={arXiv preprint arXiv:1708.00994},
  year={2017}
}

@article{challita2017proactive,
  title={Proactive resource management in LTE-U systems: A deep learning perspective},
  author={Challita, Ursula and Dong, Li and Saad, Walid},
  journal={arXiv preprint arXiv:1702.07031},
  year={2017}
}

@inproceedings{fehske2005new,
  title={A new approach to signal classification using spectral correlation and neural networks},
  author={Fehske, A and Gaeddert, J and Reed, Jeffrey H},
  booktitle={New Frontiers in Dynamic Spectrum Access Networks, 2005. DySPAN 2005. 2005 First IEEE International Symposium on},
  pages={144--150},
  year={2005},
  organization={IEEE}
}

@article{ibukahla1997neural,
  title={Neural networks for modeling nonlinear memoryless communication channels},
  author={Ibukahla, M and Sombria, J and Castanie, Francis and Bershad, Neil J},
  journal={IEEE transactions on communications},
  volume={45},
  number={7},
  pages={768--771},
  year={1997},
  publisher={IEEE}
}

@article{chen1990adaptive,
  title={Adaptive equalization of finite non-linear channels using multilayer perceptrons},
  author={Chen, S and Gibson, GJ and Cowan, CFN and Grant, PM},
  journal={Signal processing},
  volume={20},
  number={2},
  pages={107--119},
  year={1990},
  publisher={Elsevier}
}

@inproceedings{mousavi2015deep,
  title={A deep learning approach to structured signal recovery},
  author={Mousavi, Ali and Patel, Ankit B and Baraniuk, Richard G},
  booktitle={Communication, Control, and Computing (Allerton), 2015 53rd Annual Allerton Conference on},
  pages={1336--1343},
  year={2015},
  organization={IEEE}
}

@inproceedings{mousavi2017learning,
  title={Learning to invert: Signal recovery via deep convolutional networks},
  author={Mousavi, Ali and Baraniuk, Richard G},
  booktitle={Acoustics, Speech and Signal Processing (ICASSP), 2017 IEEE International Conference on},
  pages={2272--2276},
  year={2017},
  organization={IEEE}
}

@article{ye2017power,
  title={Power of deep learning for channel estimation and signal detection in OFDM systems},
  author={Ye, Hao and Li, Geoffrey Ye and Juang, Biing-Hwang},
  journal={IEEE Wireless Communications Letters},
  year={2017},
  publisher={IEEE}
}

@inproceedings{o2016learning,
  title={Learning to communicate: Channel auto-encoders, domain specific regularizers, and attention},
  author={O'Shea, Timothy J and Karra, Kiran and Clancy, T Charles},
  booktitle={Signal Processing and Information Technology (ISSPIT), 2016 IEEE International Symposium on},
  pages={223--228},
  year={2016},
  organization={IEEE}
}

@article{convnetmodrec,
  title={Convolutional Radio Modulation Recognition Networks},
  author={O`Shea, Timothy J and Corgan, Johnathan and Clancy, T. Charles},
  journal={arXiv preprint arXiv:1602.04105},
  year={2016}
}

@INPROCEEDINGS{8170853,
author={S. C. Hauser and W. C. Headley and A. J. Michaels},
booktitle={MILCOM 2017 - 2017 IEEE Military Communications Conference (MILCOM)},
title={Signal detection effects on deep neural networks utilizing raw IQ for modulation classification},
year={2017},
volume={},
number={},
pages={121-127},
keywords={frequency estimation;frequency shift keying;neural nets;phase shift keying;quadrature amplitude modulation;quadrature phase shift keying;signal classification;signal detection;16QAM;2FSK;4FSK;64QAM;8FSK;BPSK;QPSK;automatic modulation classification decisions;automatic modulation classification techniques;carrier frequency estimation;classification accuracy;deep neural networks;feature-based techniques;generalized parameter set;raw IQ samples;representative convolutional neural network;sample rate estimation;signal detection effects;Bandwidth;Feature extraction;Modulation;Neural networks;Receivers;Signal to noise ratio;Training},
doi={10.1109/MILCOM.2017.8170853},
ISSN={},
month={Oct},}








